<?xml version="1.0" encoding="UTF-8"?><collection xmlns="http://www.loc.gov/MARC21/slim"><record><leader>00422nam--2200133-i-4500</leader><controlfield tag="001">000028502</controlfield><controlfield tag="002">20161230</controlfield><controlfield tag="005">20161230201037</controlfield><controlfield tag="008">060222s1000------------r-----000-0-eng-d</controlfield><datafield ind1=" " ind2=" " tag="080"><subfield code="a">015:546.791-31</subfield></datafield><datafield ind1=" " ind2=" " tag="100"><subfield code="a">Leroy, Jean Marie</subfield></datafield><datafield ind1=" " ind2=" " tag="245"><subfield code="a">Contribution a la connaissance physique et chimique des composes oxygenes de l`uranium aux degres 4,5 et 6. these</subfield></datafield><datafield ind1=" " ind2=" " tag="260"><subfield code="a">Lille, Faculte Des Sciences, 1966, 112p</subfield></datafield><datafield ind1=" " ind2=" " tag="852"><subfield code="a">38119</subfield></datafield></record></collection>